@book{texbook,
  author = {Donald E. Knuth},
  year = {1986},
  title = {The {\TeX} Book},
  publisher = {Addison-Wesley Professional}
}

@article{sourceNoRainbow,
  author = {Parvini, Ghazaleh and Fernandez-Baca, David},
  year = {2021},
  title = {Exact Algorithms for No-Raindow Coloring and Phylogenetic Decisiveness},
}

@ARTICLE{9616390, 
  author={Parvini, Ghazaleh and Braught, Katherine and Fernandez-Baca, David},  journal={IEEE/ACM Transactions on Computational Biology and Bioinformatics},   title={Checking Phylogenetics Decisiveness in Theory and in Practice},   year={2021},  doi={10.1109/TCBB.2021.3128381}
}
