@book{texbook,
  author = {Donald E. Knuth},
  year = {1986},
  title = {The {\TeX} Book},
  publisher = {Addison-Wesley Professional}
}

@book{source,
  author = {Donald E. Knuth},
  year = {1986},
  title = {The {\TeX} Book},
  publisher = {Addison-Wesley Professional}
}


@article{sourceNoRainbow,
  author = {Parvini, Ghazaleh and Fernandez-Baca, David},
  year = {2021},
  title = {Exact Algorithms for No-Raindow Coloring and Phylogenetic Decisiveness},
}

@article{sourcePhylogeneticDecisiveness,
  author = {Parvini, Ghazaleh},
  year = {2021},
  title = {Phylogenetic decisiveness and no-rainbow hypergraph coloring},
  doi = {10.31274/etd-20210609-143}
}


@article{sourceCheckingDecisiveness, 
  author={Parvini, Ghazaleh and Braught, Katherine and Fernandez-Baca, David},  journal={IEEE/ACM Transactions on Computational Biology and Bioinformatics},   title={Checking Phylogenetics Decisiveness in Theory and in Practice},   year={2021},  doi={10.1109/TCBB.2021.3128381}
}

@book{sourceArmen,
  author = {Armen},
  year = {1986},
  title = {FIX ME I AM AN INCORRECT SOURCE},
}

@book{sourceAATA,
  year = {2022},
  title = {Abstract Algebra: Theory and Applications},
  author = {Thomas W. Judson},
}

